1492 2418
608 64 876 102 PRAEFATIO
1348 69 1407 103 VII

74 159 212 213 potius
252 162 521 213 aspectantes
563 160 768 202 noluimus
808 175 836 202 a
866 161 909 203 P
943 163 1119 204 recedere
1159 163 1410 216 nimiumque

81 218 253 260 trtbuere
279 219 439 272 formae
469 219 566 260 vitio
596 219 642 259 in
661 219 702 260 A
734 232 990 273 nequaquam
1018 221 1211 262 inaudito.
1234 246 1288 251 —
1316 222 1410 263 244.

81 277 275 319 sthAM
317 274 419 333 (non
462 279 657 318 smmAM
700 291 826 330 neque
870 279 1082 334 SUMMAM)
1128 283 1277 321 certum
1321 284 1412 323 teste

79 336 202 378 etiam
236 334 398 378 Goetzio
435 336 605 389 itemque
641 351 674 377 v.
702 337 786 378 259
820 348 1033 378 ΜΑΧυΜΕΙ
1065 336 1165 394 (non
1198 338 1410 393 MAXUME)

79 397 300 448 apparente
329 405 345 435 1
375 398 574 436 extremae
605 395 745 447 capite.
778 419 833 445 —‚
873 395 968 438 258.
1008 395 1110 438 Post
1139 397 1183 437 in
1214 396 1408 451 Epidam-

80 453 188 495 nieis
219 450 277 510 (et
297 467 332 495 v.
356 453 467 495 1158
493 457 587 506 post
617 452 778 509 omnia)
810 467 900 495 cum
924 454 1062 496 Be‘rtio
1093 456 1309 508 destinauit
1325 456 1411 508 Ap-

74 512 262 566 pulinius
294 511 453 565 Quaest.
486 511 554 554 Pl.
592 512 649 553 ed.
681 511 824 565 DIarp.
857 527 894 554 a.
926 515 1037 554 1893
1059 527 1103 566 p.
1131 516 1195 555 73.
1228 537 1283 543 —
1316 515 1411 555 282.

83 569 246 614 Certum
281 574 340 613 est
369 582 427 612 ΤΕ
459 584 535 624 quo
567 570 648 612 loco
679 577 719 618 :uz
748 571 916 612 notabat
945 569 1263 622 Studemundus,
1306 572 1412 614 ide-mv

82 641 110 671 n
150 630 309 671 notavit
347 642 397 672 ex
444 629 591 683 fallaci
637 630 785 683 specie:
838 630 950 671 omni
994 631 1109 672 modo
1152 638 1410 677 „ttOECERTE

80 689 260 742 quadrat
288 686 353 744 (in
376 702 411 730 v.
428 688 514 730 284
545 689 593 730 de
621 702 867 741 unaquaque
894 689 980 741 fere
1010 688 1145 730 littera
1175 692 1314 730 notata
1343 690 1413 731 clu-

81 745 323 803 bitandum).
357 771 412 776 —
445 746 541 788 295.
573 746 639 788 Dc
665 758 692 787 L
719 746 854 802 (infra
880 757 933 788 os
962 760 1100 789 versus
1130 746 1412 803 antecedentis)

81 809 249 857 constat,
280 806 467 859 quamvis
496 805 715 859 neglexerit
744 804 1055 847 Stademzmdus.
1088 830 1144 836 —
1183 806 1277 848 368.
1309 805 1413 848 Her-

81 866 356 906 mannianam
384 877 621 906 mensuram
658 879 685 905 a
717 863 926 918 Spenyelio
959 863 1228 917 Schoellioque
1257 878 1413 917 expres-

80 937 171 966 sam
203 921 426 978 Seyffertus
455 924 615 965 monuit
640 924 746 976 ferri
781 936 864 964 non
887 936 1022 975 posse,
1059 924 1130 965 sed
1158 937 1248 964 cum
1279 922 1413 965 Muel-

83 982 164 1025 lero
189 983 428 1036 faciendum
464 994 562 1037 esse,
603 995 693 1023 cnm
730 982 777 1022 in
806 981 986 1023 versibus
1017 982 1288 1035 anapaesticis
1318 995 1413 1022 nus-

82 1055 207 1095 quam
242 1041 302 1083 sic
337 1044 385 1082 ut
418 1040 515 1082 olim
552 1041 797 1082 admisimus
834 1041 1080 1093 corripiatur
1121 1054 1197 1082 vox
1239 1039 1412 1081 iambica

84 1098 177 1157 (etsi
210 1099 311 1142 licet
346 1099 528 1141 dubitari
555 1103 689 1152 potest
722 1112 822 1140 num
859 1112 936 1140 vox
965 1112 1054 1141 rere
1083 1099 1260 1140 iambica
1287 1099 1413 1151 fuerit

83 1156 210 1215 olim).
230 1182 287 1189 —
314 1159 412 1201 416.
437 1157 611 1200 Lacuna
626 1157 798 1199 hocloco
823 1158 955 1210 mayis
980 1158 1102 1199 etiam
1126 1171 1249 1210 quam
1273 1171 1307 1197 v.
1327 1156 1411 1198 432

84 1217 290 1260 indicatur
318 1231 353 1259 v.
378 1217 486 1259 419:
529 1220 629 1259 certe
664 1229 746 1257 non
777 1217 1016 1269 exspectavit
1044 1229 1151 1266 erus,
1192 1216 1313 1257 donec
1342 1215 1413 1268 qui

83 1276 270 1319 molestus
300 1278 390 1318 erat
415 1288 554 1318 ser-vus
589 1288 668 1317 sua
702 1277 839 1328 sponte
868 1275 1080 1316 recederet:
1123 1287 1238 1327 quem
1267 1274 1305 1315 si
1334 1274 1412 1315 evi-

85 1339 172 1378 tare
187 1335 326 1389 potuit
340 1335 514 1388 propius
539 1335 596 1376 acl
617 1334 862 1376 meretricem
887 1333 1114 1383 accedendo,
1143 1334 1237 1374 item
1261 1331 1412 1373 duflum

84 1394 321 1437 accessisset.
361 1417 416 1423 —-
452 1393 551 1435 466.
592 1392 708 1446 Quod
736 1392 987 1434 restituimus
1018 1405 1066 1433 ex
1095 1391 1158 1432 As
1187 1404 1269 1432 non
1298 1391 1412 1431 modo

86 1452 188 1495 libro
223 1452 368 1495 melius
405 1453 590 1494 convenit
617 1465 742 1505 quam
773 1450 930 1493 Loewii
960 1450 1087 1501 lectio,
1124 1462 1262 1491 verum
1291 1448 1412 1490 etiam

87 1511 252 1566 linquae
288 1511 423 1565 mayis
460 1511 673 1564 respondet
709 1523 833 1562 quam
868 1508 1034 1563 vulgata
1067 1507 1128 1550 vel
1149 1510 1245 1561 post
1274 1505 1412 1548 Stude-

84 1570 231 1613 mundi
260 1570 541 1624 apoyraphum
573 1572 714 1611 temere
742 1571 903 1609 recocta.
949 1591 1003 1597 —
1046 1567 1143 1608 479.
1190 1565 1355 1620 pallam
1387 1579 1410 1604 a

84 1627 146 1671 Β2
175 1629 361 1672 additum
389 1629 520 1670 videri
551 1626 852 1678 Studedeus
883 1625 1110 1667 adnotabat.
1138 1648 1193 1654 —
1224 1623 1321 1665 495.
1352 1623 1411 1664 in-

86 1687 222 1730 sciens
263 1688 351 1729 iam
391 1700 476 1729 non
516 1686 820 1740 separavimus:
867 1685 966 1738 quia
997 1682 1216 1737 Seyffertus
1259 1681 1413 1723 monuit

86 1745 170 1789 coll.
208 1745 306 1788 Aul.
338 1748 404 1788 64.
448 1745 568 1787 Asin.
601 1747 694 1787 863.
738 1742 845 1785 Rud.
879 1743 968 1784 655.
1015 1742 1130 1783 Truc.
1163 1743 1245 1782 184
1276 1740 1413 1782 eadem

86 1805 245 1847 ratione
280 1804 478 1859 explicari
507 1816 628 1858 posse
662 1802 977 1851 nominativum,
1019 1814 1101 1854 qua
1130 1813 1208 1853 pro
1238 1798 1412 1840 vocativo

86 1867 293 1918 acceperat
321 1862 551 1906 Sclzoellius.
591 1885 646 1891 —-
687 1861 802 1903 Inter
831 1875 865 1902 v.
892 1859 975 1901 543
1007 1863 1045 1901 et
1073 1858 1157 1900 549
1195 1858 1294 1899 duos
1325 1859 1412 1897 tan-

87 1926 174 1964 tum
201 1922 250 1964 in
277 1921 322 1964 A
350 1922 548 1964 exstitisse
578 1923 728 1962 certum
757 1922 824 1970 est,
847 1921 944 1972 post
970 1933 1004 1959 v.
1031 1916 1115 1958 549
1148 1914 1235 1972 (ubi
1259 1914 1320 1956 nil
1343 1927 1412 1954 no-

87 1981 191 2023 tavit
219 1978 539 2036 Studemundus)
571 1980 795 2021 insecutum
825 1990 907 2019 esse
930 1991 963 2017 v.
984 1975 1070 2017 550
1094 1988 1143 2017 ew
1166 1985 1243 2028 mjr
1271 1972 1412 2015 litteris

85 2040 193 2082 vocis
230 2038 398 2095 operuit:
433 2052 563 2092 nuper
599 2037 810 2091 apparuit,
850 2036 944 2077 item
981 2036 1086 2076 inter
1115 2046 1258 2075 novum
1291 2046 1324 2072 v.
1358 2054 1410 2059 —

85 2099 133 2140 in
161 2111 240 2152 quo
269 2109 388 2140 mAM
417 2110 447 2139 s.
476 2098 507 2150 f.
540 2096 735 2150 apparuit
765 2092 883 2150 (ΒΑΜ
914 2092 994 2149 As)
1028 2116 1082 2122 —-
1113 2095 1150 2133 et
1177 2105 1211 2132 v.
1232 2090 1315 2131 552
1347 2101 1412 2130 ex-

87 2157 169 2199 itus
203 2171 240 2199 v.
265 2155 350 2198 551
388 2156 576 2210 quamvis
612 2155 783 2196 tenuiter
819 2152 973 2194 dilucet.
1018 2175 1073 2181 —
1117 2148 1233 2191 572¹».
1280 2146 1347 2189 Vel
1383 2157 1411 2186 L

87 2215 242 2258 litterae
271 2215 435 2269 species,
472 2228 500 2256 a
535 2227 618 2267 qua
640 2212 845 2267 profectus
875 2223 956 2252 esse
985 2209 1142 2251 videtur
1172 2206 1411 2250 Studemun-

87 2275 178 2326 clus,
206 2275 381 2328 fortasse
408 2272 545 2326 fallax
575 2274 641 2313 est.
680 2295 734 2300 —
773 2268 869 2310 575.
901 2268 1038 2310 clueat
1069 2265 1168 2321 (non
1199 2262 1339 2317 duent)
1372 2261 1413 2302 B
