1492 2418
586 56 857 92 PRAEFATIO
1335 57 1381 93 Π(

48 152 278 206 permutari
304 151 429 206 facile
450 154 701 206 potuerunt).
730 176 783 182 —
817 153 913 194 982.
944 152 1010 194 De
1036 152 1077 195 id
1100 153 1255 195 dubitat
1282 154 1381 194 idem

52 209 180 265 (quod
208 229 264 245 =
297 209 361 253 ‘de
390 224 440 252 ea
469 210 532 253 re'
565 224 648 252 esse
670 211 820 264 potest)
850 212 1022 264 itemque
1054 226 1086 253 v.
1115 213 1196 254 987
1230 213 1278 253 cle
1308 210 1384 265 Ita,

46 282 126 323 pro
155 282 234 322 quo
263 267 353 310 Iam
381 270 584 323 proponit.
630 293 685 299 —
731 270 827 311 997.
870 270 1033 325 negoti,
1065 270 1177 324 quod
1207 284 1286 323 pro
1316 284 1384 310 ne-

52 327 175 384 goti?
205 327 308 382 quid
337 327 522 370 Bachius
553 328 598 369 in
619 327 795 369 Student.
817 327 929 370 Stud.
952 332 974 370 t.
997 328 1055 370 ΙΙ
1071 343 1114 382 p.
1142 332 1245 370 197:
1275 332 1383 377 recte,

52 389 100 428 ut
113 386 192 428 vid.
205 410 261 424 -.-
274 386 398 428 1007.
412 385 492 427 AD
508 384 583 442 (=
597 385 713 442 ME.)
734 401 760 427 α
773 387 1019 429 rubricatore
1032 388 1227 429 insertum
1241 400 1322 428 esse
1340 388 1382 427 in

52 444 97 487 B
113 448 282 487 testatur
301 444 605 487 Studemundus
623 449 662 486 et
678 459 710 486 v.
735 445 844 487 1047
867 445 1002 487 secius
1022 443 1101 501 (vel
1125 443 1286 501 setius),
1304 459 1385 486 non

52 503 194 559 sedus,
234 502 296 546 B¹
323 503 522 546 habuisse.
568 528 623 533 —
669 504 792 545 1052.
837 503 938 545 Post
974 515 1002 554 Q
1040 518 1121 545 non
1157 505 1289 557 maqis
1320 515 1384 545 ΗΜ

53 563 233 617 quadrat
265 576 391 616 quam
427 573 524 604 UOM
563 562 623 604 vel
663 573 758 617 UIA,
800 564 871 604 sed
900 574 1008 604 mTE
1040 561 1129 618 (vix
1159 561 1298 618 mFE).
1330 586 1384 592 -

57 620 182 664 1065.
223 620 334 663 Ante
363 618 499 677 Q(uis)
511 633 559 671 Q·
590 622 713 663 etiam
735 622 858 674 prius
891 632 918 671 Q
951 622 1012 662 ita
1041 625 1227 674 apparet,
1266 624 1312 662 ut
1340 621 1386 662 de

53 682 237 723 contextu
258 679 481 734 paululum
511 681 763 733 discrepante
793 680 839 721 in
857 680 900 721 A
931 681 1188 733 coqitandum
1218 693 1299 722 esse
1328 680 1386 720 vi-

54 740 208 782 deatur.
254 762 308 768 —
356 739 480 781 1069.
523 737 618 780 ME.
665 737 817 790 <M>ea
855 738 1003 780 domus
1040 741 1082 780 et
1118 738 1296 793 patriast
1326 737 1383 778 ibi

55 797 298 841 Sclwellius:
328 799 377 851 ef.
413 797 540 839 Mero.
568 798 660 848 653,
691 798 797 839 uncle
828 797 977 839 domus
1007 799 1050 838 et
1079 797 1258 851 patriast
1288 800 1386 838 certe

54 857 297 907 vindicatur,
335 856 384 899 de
412 869 490 910 quo
520 869 657 898 omnes
688 856 820 897 adhue
850 856 1134 897 dubitavimus.
1167 880 1222 884 —
1263 855 1385 896 1070.

57 915 112 957 In
139 914 185 957 B
218 914 324 956 mihi
361 918 455 957 ante
490 928 685 956 rasuram
723 916 920 956 exstitisse
951 918 1117 956 testatur
1147 913 1387 956 Studemun-

55 975 153 1017 dus:
194 974 302 1016 unde
336 974 385 1016 de
406 984 517 1015 “erus
557 976 621 1014 est
656 972 761 1014 mjhi
800 974 947 1026 eoqitat
975 972 1216 1026 Seyffertus:
1254 973 1387 1025 possis

55 1033 179 1076 etiam
219 1034 336 1074 eruat
371 1031 477 1074 mihi
514 1046 649 1083 meus,
692 1032 777 1074 nisi
810 1032 1064 1084 probabilius
1102 1033 1157 1073 sit
1195 1030 1299 1072 mihi
1340 1044 1387 1072 esc

55 1106 90 1134 v.
115 1094 228 1134 1068
237 1104 294 1145 sq.
326 1091 437 1133 exitu
465 1092 677 1144 repetitum
704 1091 834 1144 fuisse
863 1091 909 1131 in
933 1090 985 1132 B.
1007 1115 1061 1119 —
1097 1090 1220 1132 1083.
1250 1089 1316 1130 De
1346 1092 1387 1130 eb

55 1152 221 1206 patrem
271 1151 314 1192 et
360 1149 544 1205 patriam
599 1150 777 1203 coquant
824 1147 1043 1191 Sohoellius
1093 1147 1386 1202 Seyffertusque

57 1207 183 1266 (unde
212 1208 434 1263 Seyffertus
471 1222 578 1263 quae
615 1208 773 1250 fuerint
809 1222 899 1250 oum
928 1207 973 1249 B
1000 1208 1226 1260 praeferat,
1270 1206 1387 1247 aliter

57 1268 130 1323 qui
161 1268 291 1309 fuerit
316 1268 404 1321 fere
433 1265 697 1323 exspectans).
730 1291 785 1296 -—
830 1266 952 1308 1088.
986 1265 1176 1318 <ullum>
1208 1265 1383 1306 alterum

57 1327 246 1381 Lanqius
275 1325 431 1368 Annal.
455 1325 598 1379 philol.
631 1329 654 1368 t.
685 1325 879 1367 CXLIX
898 1339 942 1378 p.
968 1327 1054 1366 283
1066 1339 1121 1377 sq.
1163 1348 1218 1353 —-
1264 1324 1385 1364 1117.

57 1385 124 1428 De
157 1399 361 1440 umquam
397 1386 634 1439 (usquam)
672 1384 845 1439 postilla
880 1384 1027 1437 coqitat
1061 1382 1290 1436 Seyffertus.
1332 1405 1385 1410 —

61 1444 185 1487 1120.
227 1443 395 1501 gemine
431 1443 573 1485 iambo
611 1444 659 1485 in
687 1442 732 1485 Β
762 1443 892 1496 fuisse
928 1445 1021 1484 ante
1056 1454 1264 1490 rasuram,
1306 1453 1387 1481 non

58 1503 228 1560 gemino
259 1501 420 1554 iambo,
461 1502 684 1544 adnotabat
713 1501 1022 1543 Studemundus.
1057 1524 1111 1529 —
1152 1500 1274 1540 1141.
1307 1510 1385 1539 ME>

58 1572 264 1604 ABDUXIT
295 1561 439 1603 habuit
467 1562 591 1603 etiam
620 1560 679 1611 A,
707 1560 779 1601 ubi
808 1559 920 1601 nullo
950 1559 1064 1600 modo
1095 1559 1143 1600 de
1173 1569 1202 1607 Q
1233 1556 1387 1598 initiali

59 1621 316 1675 cogitandum
346 1620 412 1674 (ut
440 1633 749 1672 nonnumquam
778 1619 911 1660 visum
942 1616 1235 1670 Studemuruto)
1265 1628 1388 1667 neque

59 1690 155 1720 ΜΕΤ
196 1678 258 1721 vel
300 1690 398 1720 MED
434 1679 575 1732 potius
618 1678 747 1719 locum
788 1676 907 1718 habet
946 1679 1039 1717 ante
1081 1673 1298 1729 (abd)Ux-.
1333 1697 1384 1702 —-

63 1737 186 1780 1154.
229 1736 390 1779 Eamus
431 1737 557 1778 intro.
600 1735 696 1777 ME.
740 1733 793 1777 Π.
837 1734 995 1788 Frater,
1038 1734 1113 1774 fiat
1147 1734 1387 1786 praeferunt

60 1795 281 1839 Schoellius
311 1796 619 1850 Seyffertusque.
649 1819 702 1824 —
732 1795 855 1836 1161.
888 1805 915 1834 Τ
948 1793 1053 1835 vocis
1084 1793 1174 1833 tota
1204 1792 1249 1832 in
1276 1792 1386 1843 fraq-

58 1858 190 1898 mento
223 1855 285 1897 ita
314 1858 454 1905 exstat,
485 1858 532 1896 ut
561 1854 754 1895 auctione
788 1854 878 1894 tota
907 1851 1093 1893 habuisse
1122 1850 1306 1892 videatur
1335 1847 1386 1889 A.

155 1911 484 1956 MERCATOR.
567 1912 743 1954 Numeri
801 1911 973 1952 maioris
1025 1909 1228 1958 editionis,
1287 1920 1388 1960 quae

52 1976 220 2026 propter
243 1972 576 2026 transpositiones
601 1969 902 2012 Ritsehelianas
931 1969 1094 2022 saepius
1118 1967 1388 2018 maximopere

58 2031 291 2085 disorepant
318 2030 370 2072 ab
395 2031 536 2072 ordine
566 2029 772 2079 librorum,
803 2029 850 2069 in
879 2028 956 2069 hae
984 2027 1155 2068 editione
1183 2025 1271 2066 sine
1297 2037 1386 2076 qra-

58 2090 168 2132 viora
208 2089 394 2132 molestia
433 2089 601 2131 retineri
648 2101 732 2129 non
778 2086 910 2139 mayis
950 2087 1142 2138 poterant
1180 2096 1302 2135 qnam
1344 2082 1387 2121 in

58 2161 208 2191 scaena
227 2147 479 2190 conclamata
490 2146 849 2189 Menaeelimorum
867 2159 901 2185 v.
914 2146 995 2185 604
1008 2156 1089 2196 sqq.
1098 2156 1112 2183 .·
1137 2155 1185 2182 ae
1202 2155 1252 2182 ne
1268 2154 1388 2192 prae-

55 2207 254 2261 fationem
277 2207 440 2260 quidem
469 2205 678 2248 collatione
701 2216 961 2245 numerorum
992 2214 1158 2243 onerare
1180 2198 1386 2240 voluimus.

60 2264 167 2308 Mox
190 2264 452 2308 Ribbeckiurn
475 2264 547 2306 ubi
570 2262 967 2304 commemoravimus
990 2257 1281 2311 respiciendum
1304 2258 1389 2296 erat
