1496 2428
76 47 154 82 VIII
588 46 856 82 PRAEFATIO

70 157 224 197 quoque
259 144 375 186 habet
412 146 504 185 teste
541 142 826 186 Studemundo.
874 167 928 173 —
972 142 1068 184 592.
1114 152 1215 184 PIUS
1254 145 1403 185 eertum

72 200 206 258 (PLUS
238 200 330 258 As).
377 226 431 232 —-
475 201 572 244 593.
616 201 740 256 sidem
777 201 838 243 vel
872 201 1017 244 saltem
1053 200 1133 255 fade
1168 201 1313 243 habuit
1345 199 1404 243 Βι

70 261 289 302 seeundum
321 259 654 302 Studemundum.
692 285 743 290 —
776 260 873 301 599.
906 259 992 302 Pro
1023 259 1109 301 Vbi
1140 259 1326 315 primum
1357 258 1404 301 li·

72 319 245 360 eitumst
274 319 353 372 (sie
383 333 471 360 eum
508 318 661 373 Guyeto
686 318 891 373 plerique)
913 319 1050 372 possis
1086 319 1211 360 etiam
1239 317 1326 360 Vbi
1357 317 1404 359 11'-

72 378 203 418 eitum
234 378 461 432 primumst
491 378 559 431 (ef.
596 377 691 419 Uist.
717 378 844 431 137)‚-
863 378 934 419 sed
961 378 1032 419 vix
1061 376 1153 418 Vbs
1179 377 1407 432 primumst

72 436 247 477 licitum.
293 461 347 465 —
393 436 488 478 614.
535 436 647 490 quin'
674 434 771 492 (pro
809 435 882 490 qui
912 434 1117 491 vulqatae)
1153 437 1406 478 restituimus

71 508 237 537 suasore
262 495 457 549 Seyfferto
490 493 579 549 (qui
609 495 732 536 etiam
757 495 805 536 de
830 494 960 549 quin.
983 527 990 534 .
1013 528 1020 535 .
1039 495 1272 550 pernegat?
1303 495 1406 548 (30ρί-

74 554 156 595 tari
184 567 304 607 posse
340 552 520 610 addidit)
557 555 727 606 itemque
763 568 797 595 v.
825 553 910 596 635
949 552 1106 594 djuorti
1131 567 1209 606 pro
1241 553 1406 595 deuorti

73 612 188 665 tuly„
226 613 325 666 quia
356 611 430 653 abs
463 615 504 654 te
535 626 626 654 eum
655 612 743 663 lioe,
774 625 857 654 non
888 625 978 654 eum
1009 611 1080 653 illo
1109 615 1211 654 reete
1241 612 1408 654 coniun-

70 671 192 724 qitur.
220 695 275 700 —
304 672 397 713 763.
430 669 500 712 Sie
529 671 805 722 distinximus,
835 684 918 713 non
949 671 1049 724 quia
1079 671 1192 712 omni
1220 674 1408 724 exparte

72 730 307 783 satisfaciat
334 730 549 781 distinctio,
580 730 651 771 sed
679 730 778 783 quia
807 730 884 771 liae
912 743 1000 771 una
1022 730 1182 771 ratione
1204 733 1306 772 reete
1328 742 1408 772 ser-

72 788 166 829 vari
189 788 375 830 videntur
400 789 553 830 tradita
578 788 707 839 verba,
739 802 830 829 eum
854 802 979 841 neque
1009 787 1121 829 facit.
1154 787 1257 842 quid
1285 788 1408 831 uolt?

75 845 177 901 quid
208 860 274 888 me
307 847 511 888 accersit?
542 861 667 900 neque
696 847 810 902 facit
843 847 946 901 quid
976 847 1092 899 uelit
1124 846 1226 901 quid
1251 861 1318 889 me
1343 861 1406 888 ac-

74 908 220 946 cersat.
251 906 494 947 mutationes
517 906 719 959 placeant.
766 930 820 935 -—
867 906 961 947 771.
1005 881 1113 962 uigil
1143 903 1246 961 (non
1275 903 1406 962 uigis)

73 962 138 1005 Β1
169 967 260 1005 teste
291 963 576 1006 Studemundo.
623 989 677 994 —
723 965 805 1006 773
820 978 881 1018 sq.
925 952 1037 1005 Ante
1081 963 1195 1005 aedis
1238 966 1281 1006 et
1317 965 1408 1006 eius

75 1022 240 1063 tristem
275 1036 418 1063 ulrum
456 1022 597 1064 uideo:
641 1022 684 1063 id
715 1026 778 1064 est
810 1022 924 1077 quod
954 1022 1199 1077 suspicabar
1229 1024 1408 1065 admittit

75 1079 139 1122 Se
126 1081 305 1134 Jffertus
328 1105 383 1110 —
410 1081 507 1123 804.
533 1081 598 1123 De
624 1084 870 1122 ornamenta
902 1096 926 1122 a
950 1096 1017 1123 me
1044 1081 1096 1122 ad
1121 1082 1269 1135 eoqitat
1289 1082 1405 1124 idem.

77 1164 129 1169 -
167 1139 263 1182 836.
307 1134 421 1180 Ει11οὲ
459 1137 560 1196 (non
590 1138 724 1195 Euhi)
762 1140 884 1181 etiam
915 1139 975 1182 D
998 1143 1089 1182 teste
1120 1139 1406 1183 Stuclemundo.

75 1222 129 1227 —-
175 1198 271 1240 849.
319 1197 380 1251 Cf.
413 1197 478 1240 Se
465 1199 570 1253 Jffei
573 1202 635 1240 tus
667 1198 797 1240 Berl.
827 1198 970 1251 philol.
1011 1198 1183 1242 Wselir?
1221 1213 1259 1241 a.
1296 1202 1408 1243 1890

67 1271 108 1310 p.
134 1259 231 1307 214,
261 1260 362 1298 reete
392 1256 635 1299 Sehoellium
664 1258 861 1310 refutans.
889 1281 943 1287 —
977 1257 1073 1299 854.
1103 1259 1295 1313 patre—
1325 1259 1406 1300 dis-

73 1316 224 1369 tinquit
247 1314 469 1369 Seyffertus
494 1313 558 1372 (ut
581 1330 615 1358 v.
638 1314 764 1372 858).·
796 1315 901 1367 bene,
932 1317 1006 1358 etsi
1035 1317 1108 1358 hoe
1136 1316 1218 1359 loeo
1239 1321 1409 1371 propter

73 1374 265 1415 lacunam
308 1378 493 1427 apertam
535 1375 582 1415 in
623 1388 658 1416 v.
703 1375 948 1416 antecedenti
991 1374 1116 1417 dubia
1151 1389 1216 1418 res
1251 1379 1318 1418 est.
1351 1400 1406 1406 -—

73 1434 170 1475 876.
215 1432 312 1474 Non
354 1445 437 1474 esse
476 1434 583 1486 quod
620 1446 770 1475 scaena
807 1433 879 1475 hoe
914 1433 995 1475 loeo
1033 1434 1188 1476 tradita
1217 1434 1406 1486 deleatur,

72 1491 146 1532 etsi
175 1491 308 1544 mayis
338 1492 461 1533 etiam
485 1505 592 1533 nova
617 1495 711 1544 post
734 1507 769 1533 v.
791 1492 872 1534 881
901 1492 1088 1545 exiqatur
1110 1493 1270 1535 monuit
1293 1492 1328 1536 S
1325 1495 1407 1548 eyf-

70 1550 210 1602 fertus.
261 1573 315 1579 —
367 1550 450 1591 912
466 1564 526 1604 sq
578 1549 657 1592 SE.
703 1548 799 1605 (pro
842 1549 999 1606 MED.)
1043 1550 1211 1606 Ecquid
1247 1552 1406 1594 sentis?

73 1607 208 1649 MED.
242 1605 338 1663 (pro
370 1607 485 1664 ME.)
525 1607 680 1657 Quidni
718 1609 926 1650 sentiam?
965 1609 1140 1665 [MED]
1177 1609 1277 1652 Non
1313 1613 1402 1666 pot-

73 1669 136 1707 est
172 1667 356 1720 praesent
390 1666 590 1709 Goetzius.
635 1691 690 1697 —
735 1668 831 1709 922.
877 1667 962 1709 Pro
994 1667 1092 1709 Alia
1129 1667 1256 1725 (quod
1288 1669 1405 1724 vulyo

73 1725 271 1766 traiciunt
299 1729 392 1767 ante
409 1739 630 1778 personam
655 1729 693 1768 et
715 1740 805 1768 eum
830 1727 1113 1781 percontabm
1137 1729 1386 1782 eoniunyunt

72 1785 119 1825 de
149 1782 274 1824 Heiia
305 1785 453 1837 eoqitat
482 1783 711 1826 Sehoellius.
739 1809 794 1815 -—
827 1786 909 1827 937
955 1786 1084 1827 tustic
1115 1784 1217 1843 (non
1239 1787 1385 1829 tuistie

71 1841 115 1883 D
152 1845 244 1883 teste
280 1841 566 1885 Studemundo.
610 1867 665 1873 —
711 1843 806 1885 947.
852 1844 953 1898 quid
989 1845 1117 1887 facias
1155 1845 1406 1900 optimumst

71 1914 162 1942 eum
186 1899 246 1942 B2
270 1904 306 1942 et
330 1901 558 1943 Muellerus
581 1902 774 1969 probavit
801 1902 956 1945 Annal.
981 1904 1124 1956 philol.
1156 1907 1180 1946 t.
1200 1904 1408 1947 LXXXI

66 1973 109 2012 p.
134 1962 223 2001 267
253 1963 291 2001 et
320 1959 371 2002 Se
371 1961 476 2013 Jffei
478 1964 563 2002 tus
607 1962 713 2014 quod
750 1962 796 2003 in
832 1962 943 2004 exitu
977 1976 1078 2005 sane
1106 1976 1245 2006 versus
1276 1963 1401 2006 locum

70 2017 214 2059 habeat
251 2016 465 2074 (ceteroqui
501 2019 558 2060 sit
594 2018 918 2077 exspectaveris),
961 2035 1053 2063 eum
1088 2023 1282 2064 inaudita
1323 2036 1406 2065 esse

69 2077 255 2118 videatur
291 2076 434 2118 locutio
472 2077 573 2132 quid
609 2078 737 2119 facias
776 2081 1008 2133 optumum.
1054 2104 1109 2111 —
1167 2080 1264 2123 965.
1306 2095 1404 2123 usce

67 2135 247 2187 formam
278 2135 361 2177 eoll.
395 2136 505 2178 aeee
557 2137 737 2190 defendit
766 2137 987 2192 Seyffertus
1024 2139 1114 2193 (ubi
1144 2142 1279 2182 tamen
1300 2153 1404 2194 pafr-

70 2193 236 2236 tieulam
290 2195 452 2248 aeyrius
501 2196 608 2248 ferri
661 2196 921 2238 immutatam
967 2197 1186 2253 putamus)
1234 2199 1404 2253 itemque

67 2267 103 2294 v.
130 2252 215 2295 980
252 2266 424 2295 exsecor
460 2253 593 2296 noluit
627 2254 835 2297 obscur-wi
872 2256 962 2310 (ubi
996 2259 1131 2299 tamen
1160 2256 1281 2299 verba
1311 2257 1404 2311 ipsa
