1531 2443
122 72 207 113 210
702 70 877 106 PLAVTI
990 70 1039 105 IV
1066 74 1097 115 6,
1117 73 1255 105 40—53
1282 70 1389 118 [40—
1409 71 1457 117 A]

179 165 265 208 AC.
311 166 418 216 Quia
448 167 533 208 non
567 169 629 208 est
660 166 775 207 intus
808 180 932 220 quem
965 167 1043 223 e'go
1080 166 1192 208 uolo.
1253 165 1332 208 ΜΙ.
1376 165 1455 217 Qui

683 224 794 266 sess?
813 224 899 266 AC.
916 224 1011 267 Seio
1033 225 1182 280 edepol
1201 225 1351 267 †faeio:
1369 236 1456 268 1255

177 284 290 326 Nam
322 285 449 326 odore
480 299 629 325 nasum
661 283 836 354 septima,
867 284 902 326 si
935 284 1050 326 inistis
1081 285 1148 326 sit.
1194 283 1282 326 PY.
1307 283 1453 326 Hario-

180 401 287 451 Quia
317 403 385 443 me
416 404 546 457 amat,
578 343 806 473 propltissgg-
832 401 977 443 Venus
1018 401 1119 444 feeit
1150 416 1243 444 eam
1273 404 1323 444 ui:
1353 401 1454 444 djui-

179 518 264 561 AO.
290 518 445 561 Nescio
472 519 546 560 ubi
572 519 642 561 hic
666 463 814 574 Ρῖἷὶἔέ·
824 519 941 561 adest
966 534 1091 574 quem
1118 521 1270 575 expeto
1296 520 1457 562 uidere:

684 578 770 620 olet
799 578 1003 633 profecto.

179 636 264 679 PY.
307 637 423 679 Nas6
461 637 533 692 pol
571 636 655 678 iam
692 636 968 692 haeequidem
1004 637 1101 692 phis
1139 637 1258 679 uidet
1288 652 1416 692 quam
1451 636 1455 689 Ι

685 696 830 738 oeulis.
890 695 977 738 PA.
1012 695 1144 738 Caeca
1175 696 1430 751 <am>6rest.

178 752 263 795 AO.
296 754 408 796 Tene
434 769 513 810 me,
544 755 731 797 obsecro.
780 753 859 796 ΜΙ.
891 754 1037 805 Quor?
1085 753 1172 797 AC.
1203 754 1270 798 Ne
1301 754 1458 797 eadam.

683 812 761 856 ΜΙ.
794 813 905 864 Quid
941 814 1029 856 itai?
1083 812 1170 856 AC.
1208 813 1317 865 Quia
1347 816 1458 856 stare

682 874 865 928 nequeo:
1368 884 1458 916 1260

178 930 244 973 Ita
287 931 452 973 {inimus
494 946 570 987 per
614 932 758 974 oeulos
795 946 912 974 meos
956 932 1092 973 †defit.
1153 931 1232 974 ΜΙ.
1275 931 1457 974 Militem

684 990 758 1045 pol

179 1048 242 1090 Tu
274 1049 487 1104 aspexisti.
537 1048 623 1091 AO.
655 1048 732 1091 Ita.
776 1048 854 1090 ΜΙ.
880 1049 981 1092 Non
1010 1049 1148 1091 uideo.
1183 1049 1330 1092 ubist?
1371 1048 1446 1092 AC

683 1108 860 1150 Videres
890 1108 980 1163 pol,
1006 1108 1042 1150 si
1074 1109 1246 1151 almires.

178 1165 255 1208 ΜΙ.
299 1166 399 1209 Non
437 1167 586 1222 edepol
624 1170 671 1208 tu
708 1167 831 1208 illum
867 1167 1004 1223 magis
1041 1182 1156 1209 amas
1193 1182 1321 1223 quam
1361 1182 1458 1224 ego,

683 1228 792 1281 mea,
812 1226 848 1267 si
873 1240 949 1281 per
972 1228 1015 1268 te
1039 1225 1176 1268 liceat.

178 1283 264 1326 PA.
297 1283 453 1326 Omnes
483 1285 674 1340 profecto
707 1285 904 1327 mulieres
935 1287 977 1327 te
1008 1285 1169 1341 ament,
1194 1287 1244 1327 ui:
1268 1299 1458 1340 quaeque

683 1344 859 1399 aspexit.

181 1401 264 1444 PY.
304 1402 459 1445 Nescio
494 1405 540 1444 tu
573 1417 624 1444 ex
655 1418 722 1444 me
753 1403 834 1445 hoe
866 1402 1078 1444 audiueris
1110 1417 1164 1444 an
1192 1403 1296 1445 non:
1328 1417 1458 1457 nepos

682 1476 776 1503 sum
806 1461 996 1503 Veneris.
1368 1473 1457 1504 1265

179 1519 263 1562 AO.
308 1519 403 1562 Mea
440 1519 742 1575 Milphidippa,
781 1521 865 1576 adj,
898 1520 1090 1575 obsecro,
1119 1522 1162 1562 et
1192 1520 1457 1577 congredere.

685 1579 830 1634 <PY.>
870 1579 931 1621 Vt
966 1594 1034 1621 me
1064 1580 1247 1621 uel-etur.

178 1637 264 1679 PA.
290 1637 370 1679 Illa
395 1638 447 1679 ad
472 1653 549 1680 nos
574 1638 726 1694 pergit.
758 1637 836 1680 ΜΙ.
856 1638 944 1680 Vos
969 1638 1081 1680 uolo.
1111 1637 1198 1680 PY.
1219 1637 1277 1680 Et
1301 1639 1379 1680 n6s
1404 1641 1446 1681 te

684 1696 762 1738 MI.
793 1696 854 1739 Vt
884 1696 1061 1752 iussishi,

180 1755 309 1796 Eram
340 1770 476 1797 meam
509 1755 639 1797 eduxi
660 1756 785 1856 foffis.
821 1755 908 1797 PY.
934 1755 1082 1797 Video.
1122 1754 1200 1797 Ml.
1225 1754 1331 1798 Iube
1357 1770 1457 1812 ergo

686 1830 709 1856 a
756 1829 812 1856 re.

217 1966 318 1998 1255.
350 1964 422 1999 ΡΑ.
450 1963 536 2006 Qui:
569 1976 649 2001 corr
667 1965 884 2001 Ribbeck-ius
905 1966 910 2010 Ι
931 1963 1028 2000 facio
1058 1965 1113 2001 vel
1138 1963 1214 2000 seio
1233 1966 1246 2010 ΙΙ
1265 1968 1367 2000 1256.
1392 1975 1455 2000 na—

123 2022 204 2045 sum
228 2009 366 2045 sentiat
389 2012 443 2046 vel
468 2011 607 2046 sentiat
625 2013 637 2057 {l
657 2015 758 2047 1257.
785 2013 889 2047 amat
911 2012 1109 2057 propterea
1132 2012 1187 2048 vel
1210 2013 1253 2047 tu
1275 2013 1428 2057 propter
1445 2011 1458 2059 ΙΙ

124 2061 225 2092 1258.
251 2068 365 2102 prope
391 2057 498 2093 adest
521 2060 576 2094 vel
599 2060 776 2104 properat
799 2060 857 2094 est
874 2060 886 2105 fl
907 2062 1007 2094 1259.
1035 2069 1097 2094 ore
1121 2059 1189 2104 (vel
1206 2060 1259 2104 re)
1284 2060 1357 2094 est:
1377 2070 1458 2095 corr

125 2104 204 2140 Gru
222 2105 234 2149 ΙΙ
254 2108 344 2139 1260
359 2115 411 2149 sq.
437 2115 483 2140 ne
508 2106 562 2141 vel
585 2116 653 2141 nee
675 2108 679 2150 Ι
701 2105 766 2150 qui
791 2107 913 2141 astare
938 2106 1006 2151 (vel
1030 2105 1194 2151 adstare)
1214 2105 1220 2153 Ι
1240 2116 1384 2150 nequeo
1402 2104 1458 2141 ita

123 2152 175 2187 vel
199 2151 327 2195 Neque
346 2150 401 2186 ita
420 2153 612 2198 (disci-Bo)
635 2153 640 2200 Ι
663 2153 752 2188 defit
775 2154 830 2189 vel
854 2153 896 2188 fit
913 2154 925 2198 11
946 2156 1047 2188 1262.
1074 2154 1146 2188 dist
1169 2153 1348 2189 Beckerus
1367 2152 1374 2201 Ι
1393 2152 1458 2199 pol

123 2197 154 2232 si
178 2199 232 2234 vel
256 2197 334 2243 poli
353 2200 364 2243 ΙΙ
386 2202 486 2234 1263.
512 2210 595 2234 mea
621 2199 652 2234 si
676 2201 714 2235 te
739 2211 805 2245 per
822 2201 876 2236 vel
899 2210 958 2235 me
978 2198 1010 2234 si
1032 2201 1176 2245 aperte:
1202 2200 1436 2236 distinximus
1446 2199 1460 2247 ΙΙ

125 2248 225 2280 1264.
245 2256 389 2289 queque
408 2247 463 2281 vel
481 2257 627 2291 quoque
645 2248 657 2292 ΙΙ
678 2251 778 2282 1265.
804 2258 863 2282 me
883 2257 944 2283 ex:
969 2248 1044 2283 trai
1062 2247 1177 2283 Herm
1194 2248 1207 2293 ΙΙ
1227 2250 1328 2283 1266.
1353 2257 1457 2282 uere-

122 2294 183 2326 tur
207 2292 260 2327 vel
284 2292 443 2327 uer&tur
460 2294 472 2338 ss
493 2297 592 2329 1268.
620 2293 730 2328 eduxi
755 2294 854 2329 foras
878 2295 933 2330 vel
958 2294 1086 2329 eduxit
1110 2293 1200 2329 foris
1219 2295 1231 2340 ΙΙ
