1482 2413
539 522 979 574 PRAEFATIO

178 726 274 769 Etsi
305 742 389 769 non
427 728 571 769 omm'a
608 743 658 769 ex
696 728 910 782 prioribus
948 729 1281 783 praefationibus
1312 744 1423 785 repe-

93 789 180 828 tere
210 786 418 841 volumus,
449 789 591 827 tamen
622 790 722 827 smit
753 801 859 841 quae
890 787 950 829 eis
982 788 1054 842 qui
1086 789 1276 844 singulos
1307 788 1425 830 fasci-

91 844 208 887 culos
239 844 467 886 adhibeant
498 845 653 886 iterum
685 845 859 886 dicenda
890 860 978 887 esse
1011 846 1242 902 videantur,
1273 847 1425 902 quibus

92 903 362 959 adiungimus
395 918 500 958 quae
533 903 585 945 ad
614 903 728 945 hunc
758 905 895 946 solum
927 908 1130 959 spectant.

178 961 320 1018 Atque
351 962 394 1004 A
425 962 581 1004 codicis
611 962 882 1004 Ambrosiam·
921 964 1114 1018 rescripti
1152 962 1290 1020 (cuius
1327 965 1423 1006 scri—

91 1023 240 1076 pturae
277 1021 433 1063 litteris
463 1021 717 1076 capitalibus
754 1022 1060 1078 insigniuntur,
1099 1022 1319 1077 adpunctis
1359 1023 1424 1064 vel

90 1080 292 1122 seiunctis
335 1079 653 1137 incertioribus)
697 1081 812 1122 locos
856 1080 1005 1123 dubios
1048 1095 1100 1122 ex
1142 1081 1424 1123 Menaechmis

93 1137 329 1181 Schoellius
352 1153 489 1194 nuper
513 1139 778 1181 retractavit:
805 1139 854 1181 de
880 1139 1072 1181 codicum
1097 1154 1195 1182 vero
1214 1139 1424 1181 Palatino-

91 1196 289 1240 Vaticani
317 1197 362 1240 Β
396 1201 439 1240 et
468 1196 666 1240 Vaticani
703 1197 920 1239 Vrsiniani
958 1198 1002 1239 D
1038 1199 1217 1240 lectione
1259 1199 1425 1253 saepius

91 1270 143 1298 ex
163 1255 443 1298 Studemundi
469 1257 734 1311 aliorumque
761 1271 866 1311 quae
891 1259 1059 1311 praesto
1086 1259 1176 1298 erat
1200 1257 1423 1299 collatione

92 1314 378 1358 dubitationes
402 1318 594 1357 moverat
619 1314 868 1370 Seyffertus,
893 1319 1122 1370 perpetuus
1146 1318 1423 1370 strenuusque

91 1373 218 1416 huius
236 1374 434 1416 editionis
454 1374 639 1416 adjutor:
660 1389 764 1429 quas
783 1375 828 1415 in
846 1373 984 1415 Milite
1003 1375 1224 1429 plerasque
1239 1373 1424 1416 Gunder-

90 1447 288 1488 mannus,
318 1433 363 1474 in
399 1432 635 1475 Mercatore
677 1433 902 1474 nonnullas
945 1432 1232 1474 Tschiedelius
1280 1432 1423 1474 solvit:

91 1505 410 1547 nonnumquam
436 1494 510 1534 aut
535 1506 586 1534 ex
610 1491 913 1547 probabilitate
944 1491 1221 1533 iudicavimus
1247 1493 1320 1532 aut
1345 1490 1418 1532 dis-

91 1551 351 1606 crepantiam
374 1551 616 1592 notavimus
642 1553 715 1592 aut
741 1550 970 1592 abiecimus
991 1564 1097 1604 quae
1117 1550 1225 1591 abici
1251 1552 1424 1604 propter

90 1609 152 1651 rei
169 1609 387 1652 levitatem
405 1612 613 1664 poterant.
662 1608 729 1650 Ex
749 1608 842 1651 BD
867 1611 909 1650 et
926 1607 1120 1650 Palatino
1140 1608 1370 1650 Decurtato
1393 1606 1426 1649 C

91 1667 230 1710 missis
255 1669 449 1710 minutiis
476 1668 685 1722 rebusque
711 1667 998 1723 singularibus
1025 1681 1131 1721 quae
1155 1666 1313 1708 nullius
1338 1680 1423 1707 mo-

89 1727 223 1769 menti
259 1730 399 1769 essent
433 1726 690 1769 recensionis
725 1725 943 1768 Palatinae
975 1724 1054 1782 (P)
1092 1725 1293 1767 lectiones
1330 1724 1423 1766 effe-

90 1785 241 1828 cimus:
272 1786 429 1828 codicis
459 1800 559 1828 vero
585 1785 753 1827 Veteris
779 1785 953 1826 alteram
979 1799 1151 1825 manum
1175 1782 1236 1825 132
1260 1797 1354 1824 cum
1380 1783 1421 1823 in

89 1844 304 1900 prioribus
330 1847 425 1887 octo
445 1844 602 1886 fabulis
621 1844 794 1885 alterius
814 1843 970 1885 codicis
995 1843 1127 1883 instar
1146 1855 1234 1883 esse
1259 1841 1424 1895 saepius

90 1903 300 1945 monitum
331 1903 398 1958 sit,
431 1917 514 1958 quo
541 1903 694 1944 clarius
727 1904 926 1956 appareat
956 1901 1082 1956 longe
1107 1900 1230 1941 aliter
1260 1914 1423 1953 compa-

90 1964 226 2004 ratam
263 1975 352 2004 esse
382 1963 428 2004 in
465 1962 640 2016 reliquis
671 1960 844 2015 sabulis,
886 1974 961 2014 per
996 1958 1292 2000 Menaechmos
1335 1958 1423 1999 eius

90 2020 439 2076 interpolationes
469 2021 614 2075 plenas
652 2019 967 2074 exscripsimus,
999 2032 1094 2059 cum
1132 2017 1324 2070 deinceps
1355 2030 1423 2057 eas

90 2081 256 2122 tantum
275 2079 506 2135 scripturas
526 2079 760 2133 afferamus,
787 2076 940 2132 quibus
963 2079 1037 2118 aut
1055 2090 1099 2118 re
1119 2089 1216 2117 vcra
1235 2073 1423 2116 emenda-

91 2138 199 2180 verit
229 2141 475 2181 contextum
514 2140 588 2179 aut
630 2135 963 2178 memorabiliter
998 2135 1146 2176 saltem
1185 2132 1423 2174 correxerit.

176 2195 401 2239 Praeterea
430 2196 496 2238 usi
527 2210 672 2237 sumus
703 2194 770 2236 his
800 2194 934 2236 notis:

197 2254 204 2313 ξ
266 2255 320 2297 ad
351 2254 611 2296 denotandos
641 2253 784 2295 hiatus
814 2267 898 2294 non
930 2251 1155 2307 legitimos.

1166 2318 1210 2352 a·
