1516 2443
363 483 988 533 ARGVMENTVM
1031 482 1090 531 ΙΙ

117 695 350 737 Mercatum
383 696 549 735 asotum
580 692 720 734 fssjum
754 691 942 733 extrudit
971 694 1103 747 pater.

116 753 157 796 Is
187 755 362 810 peregre
393 752 546 794 missus
576 751 748 793 redimit
780 751 976 793 ancillam
1006 750 1207 807 h6spitis,

116 812 273 855 Am6re
305 814 464 867 captus.
524 813 597 852 †ut
626 809 764 865 uehit,
794 824 902 851 naue
934 810 1071 851 exilit:

115 872 242 914 Pater
272 871 461 926 aduolat,
493 870 651 911 'suisam
684 869 880 911 ancillam
913 869 1085 924 deperit.

118 930 277 981 Quoius
308 930 364 972 sit
393 929 684 985 percontatur:
715 942 860 970 seruos
889 928 1162 983 pedisequam
1373 940 1392 970 5

117 989 208 1031 †Ab
240 989 504 1031 adulescente
534 987 662 1029 matri
693 989 878 1042 emptam
908 986 1054 1041 ipsius.

118 1049 254 1091 Senex
284 1047 364 1090 sibi
397 1045 676 1102 prospicienS,
706 1048 756 1087 ut
787 1046 922 1087 amic6
953 1060 1029 1088 suo

117 1107 311 1162 Veniret,
341 1109 490 1148 natum
522 1104 688 1148 orabat:
719 1107 861 1160 natus,
892 1106 942 1146 tit
971 1119 1059 1147 suo.

116 1167 199 1208 Hic
228 1166 370 1208 fssium
401 1164 646 1207 subdiderat
675 1163 824 1219 uicini,
854 1166 975 1219 pater

116 1225 327 1267 Vicinum.
387 1223 701 1279 praemercatur
732 1222 930 1265 ancillam
960 1237 1098 1264 seneX.
1351 1233 1394 1265 10

116 1285 224 1326 Eam
256 1284 368 1326 domi
402 1283 703 1338 deprehensam
734 1281 919 1324 coniunx
948 1280 1066 1323 sslius

116 1343 259 1385 Vicini
289 1345 476 1385 scortum
507 1341 743 1397 insimulat,
774 1340 959 1395 protelat
988 1340 1141 1382 uirum.

117 1402 327 1445 Mercator
358 1400 567 1456 exspe[r]s
597 1400 736 1455 patria
766 1400 912 1455 fugere
944 1399 1143 1441 destinat:

116 1461 374 1503 Prohibetur
405 1475 429 1501 a
458 1460 617 1514 sodale,
649 1459 722 1513 qui
753 1460 917 1513 patrem
947 1457 1065 1499 fflius

117 1519 246 1562 †Orat
276 1534 371 1560 cum
403 1533 478 1561 suo
510 1520 647 1573 patre,
678 1519 778 1559 nato
810 1520 859 1558 ut
890 1517 1065 1559 cederet.
1352 1528 1393 1558 15

119 1578 325 1634 [Absente
357 1592 452 1619 cum
483 1577 634 1619 lenone
664 1576 856 1631 perfido]

153 1710 184 1740 1.
211 1704 398 1740 adsotium
422 1705 475 1741 vel
500 1715 563 1739 asc
589 1704 694 1739 dum:
720 1714 799 1740 corr
824 1703 877 1738 Rz·
900 1704 912 1748 ΙΙ
939 1707 970 1738 2.
997 1701 1114 1738 milis:
1140 1714 1220 1738 corr
1244 1702 1395 1738 Beroal-

58 1755 125 1789 dus
147 1753 151 1800 Ι
173 1751 331 1798 hospitis
356 1753 409 1788 vel
434 1751 565 1786 militis
596 1753 608 1796 ΙΙ
645 1754 676 1786 3.
702 1761 798 1785 naue
823 1751 877 1786 vel
901 1748 991 1784 naui
1009 1751 1022 1795 n
1041 1753 1072 1785 5.
1099 1750 1362 1795 percunctatur
1389 1749 1393 1795 ι

58 1811 185 1836 seruus
204 1801 258 1836 vel
277 1798 374 1834 serui
396 1799 401 1846 1
422 1798 528 1845 pedis
554 1809 712 1842 aequam
730 1799 785 1834 vel
802 1796 1064 1843 pedissequam
1082 1797 1094 1841 ΙΙ
1113 1800 1145 1832 6.
1160 1795 1395 1832 adolescente

56 1849 111 1883 vel
136 1847 409 1882 adulescentem
441 1847 452 1891 ΙΙ
484 1849 515 1881 8.
542 1844 697 1880 Veniret
719 1846 773 1881 vel
797 1843 933 1880 Venire
952 1845 964 1890 ΙΙ
984 1848 1037 1879 10.
1064 1843 1219 1879 Vicinus
1252 1847 1256 1888 Ι
1289 1854 1395 1889 prac-

57 1896 242 1929 mercatur
277 1895 331 1929 vel
367 1894 621 1938 promel-catur
657 1894 668 1937 Η
700 1896 753 1928 11.
781 1891 940 1927 coniunx
963 1892 1019 1927 vel
1043 1890 1176 1926 coniux
1212 1891 1224 1936 ΙΙ
1261 1894 1315 1926 13.
1340 1891 1398 1927 del

59 1942 174 1977 Sarac
197 1942 209 1986 ΙΙ
236 1945 289 1976 14.
315 1940 515 1975 Prohibere
547 1941 558 1985 ΙΙ
591 1944 643 1974 15.
672 1939 820 1974 cederet
843 1939 896 1974 vel
921 1937 1060 1973 cederit
1089 1939 1101 1982 ΙΙ
1133 1941 1187 1972 16.
1212 1938 1281 1973 secl
1305 1937 1397 1973 Pius

58 2001 138 2024 cum
164 1989 248 2023 aliis
267 1989 278 2033 ΙΙ
