1492 2418
615 80 883 116 PRAEFATIO
1390 85 1419 118 V

88 175 323 218 Mercatore
360 175 496 217 multo
534 176 824 230 frequentiora
853 177 957 233 sint,
995 178 1080 219 iam
1110 179 1323 220 noluimus
1353 179 1419 221 his

88 236 338 290 apparatum
370 247 555 289 onerare,
586 234 659 276 sed
688 234 770 276 hoc
801 235 893 277 loco
919 250 1138 278 monemus
1163 251 1240 279 nos
1265 239 1302 280 ei
1325 252 1418 279 nus-

89 307 216 348 quam
247 293 375 335 tacite
408 292 661 347 exhibuisse,
691 293 774 335 nisi
806 293 878 335 ubi
912 297 985 336 aut
1014 295 1057 336 A
1088 298 1161 336 aut
1192 295 1234 337 P
1263 295 1346 352 (vel
1380 297 1420 338 B

88 349 258 408 saltem)
301 354 375 393 aut
417 350 510 393 ΑΡ
550 351 790 394 exhibeant.
856 352 968 395 Nam
1012 353 1061 395 de
1105 353 1419 396 obscurioribus

90 410 301 452 ‘indiciis’
333 413 537 465 tenemus,
568 425 674 465 quae
707 411 810 452 olim
837 410 1072 454 Schoellius
1102 413 1232 467 praef.
1251 413 1417 455 Trucul.

88 484 128 525 p.
153 480 383 525 xxxmsq.
414 469 628 524 exposuit.
672 484 778 524 quae
816 473 858 512 et
895 471 939 512 in
975 470 1127 513 Plauto
1165 474 1208 513 et
1244 471 1289 513 in
1325 473 1418 514 aliis

87 527 368 583 scriptoribus
416 541 539 582 saepe
587 528 865 584 neglexerunt
913 529 1228 595 negleguntque
1282 531 1416 572 critici

88 584 226 644 (velut
247 601 383 642 nuper
407 587 452 628 in
477 587 675 629 01atoriis
700 587 753 629 ad
775 587 1036 629 Herennium
1061 588 1183 630 libris
1207 589 1417 631 luculente

87 646 352 688 recensendis
382 645 573 687 Marxius
605 645 760 687 abusus
792 649 855 688 est
880 647 997 688 salsis
1022 647 1213 703 vestigiis
1237 649 1275 689 ei
1300 648 1417 703 diph-

88 703 240 761 thongi
276 702 592 761 restituendae).
651 703 928 747 Memorabile
959 706 1199 760 exemplum
1229 709 1278 747 ut
1308 721 1416 749 com-

87 777 370 806 memoremus
400 762 489 804 Mil.
514 764 669 806 v.162.
698 764 779 805 179
812 764 1022 820 Bergkius
1055 763 1334 832 Goetziusque
1366 780 1415 807 ex

87 823 276 865 seimiam
300 822 513 877 scriptura
538 822 703 864 efficere
727 824 917 865 seimiam
935 823 1178 864 voluerunt:
1205 826 1248 865 at
1271 825 1415 866 scimia

86 880 297 936 hodieque
327 881 465 923 forma
495 883 560 922 est
589 879 714 922 Itala·
744 896 880 936 neque
911 881 1047 938 magis
1079 896 1129 923 ex
1153 883 1233 924 seis
1257 897 1334 937 pro
1358 884 1417 925 sis

87 939 244 982 tradito
282 937 615 996 (similibusque)
654 940 703 982 de
740 941 819 982 seis
856 940 1128 996 cogitandum
1168 955 1256 982 esse
1296 941 1416 983 docet

85 999 147 1042 sio
176 1013 254 1054 pro
285 999 366 1040 seio
403 1013 489 1040 non
525 999 666 1040 minus
696 1013 819 1054 saepe
850 1013 1096 1054 comparens
1127 997 1415 1056 (similiaque).

174 1056 542 1099 MENAECHMI.
604 1057 670 1099 75.
717 1057 832 1110 Quod
872 1056 1292 1115 MOD0(isa)G(it)AT
1333 1073 1415 1101 non

85 1116 393 1171 improbabilem
433 1116 565 1158 videri
606 1116 810 1159 lectionem
852 1116 1154 1159 Studemundus
1196 1118 1414 1167 adnotavit,

85 1176 134 1218 de
164 1186 195 1217 G
224 1188 302 1229 quo
326 1174 408 1217 loco
432 1175 661 1217 dubitanter
685 1175 788 1229 Zeqit,
813 1175 925 1217 nullo
949 1176 1064 1217 modo
1089 1176 1259 1229 eoyitari
1275 1180 1414 1229 potest.

86 1233 214 1276 Modo
245 1233 316 1275 hic
346 1233 514 1275 habitat
543 1247 659 1285 sane,
691 1234 739 1276 de
768 1247 851 1287 qua
880 1235 1155 1276 emendatione
1183 1235 1415 1288 recipienda

85 1293 156 1335 via:
185 1292 436 1344 dubitamus,
473 1305 523 1334 ex
553 1292 595 1334 A
624 1293 790 1347 firmari
818 1293 967 1345 nequit.
1000 1317 1055 1322 —
1089 1293 1142 1336 76
1157 1307 1218 1347 sq.
1250 1304 1278 1334 L
1309 1294 1415 1335 vocis

86 1349 300 1407 (HAR10)L
323 1349 398 1407 ΠΒ)
434 1365 518 1393 non
553 1352 691 1393 minus
727 1351 835 1393 clare
871 1354 1043 1404 apparet
1069 1365 1192 1404 quam
1223 1352 1269 1393 in
1298 1365 1414 1394 versu

85 1411 265 1464 sequenti
322 1410 395 1452 sub
428 1408 779 1466 [P]ARAS[1TUS])
820 1409 976 1452 litterae
1016 1420 1118 1451 ELIS
1154 1411 1415 1463 praecedente

84 1469 205 1511 hasta
235 1470 272 1520 N,
301 1472 348 1510 ut
375 1469 530 1510 mirum
560 1470 617 1511 sit
644 1468 750 1510 nihil
780 1469 852 1510 hoe
882 1468 963 1510 loeo
993 1468 1142 1510 vidisse
1173 1467 1414 1511 Studemun-

85 1528 194 1569 dum.
259 1526 375 1580 Quod
402 1541 494 1570 vero
525 1526 747 1570 Sekoellius
777 1527 1008 1569 dubitanter
1038 1527 1115 1569 huc
1145 1528 1274 1569 traxit
1298 1529 1414 1581 fraq-

85 1589 264 1628 mentum
303 1587 506 1639 quoddam
552 1587 744 1628 adiacens
782 1599 832 1628 ex
881 1587 1006 1627 trium
1050 1599 1238 1627 versuum
1283 1587 1414 1639 spatio

85 1644 323 1696 abscissum,
372 1644 485 1686 nullo
527 1646 643 1687 modo
685 1645 762 1687 hue
802 1645 1007 1698 quadrare
1045 1658 1174 1697 nuper
1215 1645 1326 1686 vidit.
1360 1669 1413 1673 —

85 1704 141 1746 98
155 1717 217 1758 sq.
247 1713 384 1745 -UGAT
416 1707 455 1745 et
482 1714 545 1745 -1'1'
577 1717 608 1746 s.
625 1705 656 1757 f.
675 1717 709 1745 v.
736 1703 962 1745 clarissime
986 1706 1194 1755 apparent.
1216 1727 1270 1732 —
1300 1701 1413 1744 120¹&

85 1761 188 1804 Post
204 1759 406 1818 LAN(am)
426 1762 473 1803 in
489 1763 718 1816 fraqmento
731 1763 948 1804 certissime
960 1762 1036 1803 huo
1046 1762 1273 1814 pertinente
1291 1775 1414 1814 appa-

84 1835 173 1863 rere
214 1831 244 1862 L
286 1821 364 1875 (ad
392 1832 556 1875 LlNUM,
597 1824 645 1863 ut
677 1822 769 1872 vid„
813 1820 1104 1873 adhibendum)
1147 1820 1274 1861 denuo
1313 1820 1415 1861 vidit

84 1878 305 1922 Schoellius
333 1879 518 1946 idemque
552 1878 714 1921 Goeteio
744 1880 893 1930 visum,
926 1879 1111 1932 quamvis
1143 1879 1272 1919 tenuis
1301 1878 1357 1919 sit
1386 1888 1413 1918 L

84 1938 240 1980 litterae
268 1939 428 1992 speeies.
459 1963 515 1968 —
551 1939 634 1980 124
684 1937 793 1980 Ante
822 1947 967 1978 DICAM
999 1936 1154 1978 litterae
1184 1947 1271 1986 ρ-
1275 1947 1303 1985 Q
1335 1935 1413 1977 cla-

83 1997 246 2039 rissime
275 1997 339 2039 ita
368 2000 579 2050 apparent,
609 1999 657 2038 ut
685 2010 748 2038 cer
751 2000 835 2038 tum
866 1996 921 2037 sit
949 1995 1148 2036 iudicium
1178 1995 1226 2036 de
1255 1994 1413 2036 colloca-

83 2056 190 2099 tione
218 2055 440 2098 verborum.
486 2080 541 2086 —
588 2054 683 2098 165.
724 2054 839 2096 Inter
870 2065 896 2096 c
926 2057 965 2096 et
993 2063 1021 2094 o
1052 2056 1190 2094 utrum
1220 2063 1251 2094 u
1280 2066 1337 2094 an
1367 2063 1412 2092 1'r

83 2127 141 2156 au
170 2125 216 2156 ΙΕ
244 2114 413 2168 fuerint,
445 2113 623 2156 dubium.
680 2112 825 2155 Potuit
852 2125 934 2154 esse
965 2120 1413 2166 CIEORESNASUTTUS‚

74 2176 172 2226 post
205 2186 309 2226 quae
346 2182 516 2214 CONIEC
552 2173 666 2226 sequi
702 2172 913 2214 coniecisse
941 2171 1080 2224 potius
1116 2183 1239 2223 quam
1276 2169 1413 2221 leqisse

81 2232 241 2274 videtur
271 2231 585 2274 Studemundus.
641 2229 748 2272 Mox
778 2245 811 2271 v.
834 2230 916 2271 168
947 2228 1084 2281 fallax
1112 2231 1172 2269 est
1199 2227 1354 2268 litterae
1383 2236 1412 2266 G

81 2290 228 2332 umbra
259 2304 287 2331 a
317 2289 479 2331 Loewio
509 2292 680 2331 notatae.
714 2312 767 2317 —
809 2288 903 2328 171.
947 2287 1049 2327 Fuit
1074 2286 1249 2338 fortasse
1279 2294 1411 2325 FUAT-
